<?xml version="1.0" encoding="UTF-8" ?><marc:collection xmlns:marc="http://www.loc.gov/MARC21/slim" xmlns:xsi="http://www.w3.org/2001/XMLSchema-instance" xsi:schemaLocation="http://www.loc.gov/MARC21/slim http://www.loc.gov/standards/marcxml/schema/MARC21slim.xsd">
<marc:record><marc:leader>04257cam a2200517Mi 4500</marc:leader>
<marc:controlfield tag="001">b12469221</marc:controlfield>
<marc:controlfield tag="003">UaCaAUL</marc:controlfield><marc:controlfield tag="005">20191008121755.0</marc:controlfield><marc:controlfield tag="008">010321s1903    ua            000 0 ara d</marc:controlfield><marc:datafield tag="035" ind1=" " ind2=" "><marc:subfield code="a">(OCoLC)60506413</marc:subfield></marc:datafield><marc:datafield tag="040" ind1=" " ind2=" "><marc:subfield code="a">MEAUC</marc:subfield><marc:subfield code="b">eng</marc:subfield><marc:subfield code="e">rda</marc:subfield><marc:subfield code="c">MEAUC</marc:subfield><marc:subfield code="d">OCLCG</marc:subfield><marc:subfield code="d">OCLCQ</marc:subfield><marc:subfield code="d">OCLCO</marc:subfield><marc:subfield code="d">UUM</marc:subfield><marc:subfield code="d">MEAUC</marc:subfield></marc:datafield><marc:datafield tag="050" ind1=" " ind2="4"><marc:subfield code="a">PJ7750.I28</marc:subfield><marc:subfield code="b">R54 1903</marc:subfield></marc:datafield><marc:datafield tag="066" ind1=" " ind2=" "><marc:subfield code="c">(3</marc:subfield></marc:datafield><marc:datafield tag="090" ind1=" " ind2=" "><marc:subfield code="a">PJ7750.I28</marc:subfield><marc:subfield code="b">R54 1903</marc:subfield></marc:datafield><marc:datafield tag="100" ind1="1" ind2=" "><marc:subfield code="6">880-01</marc:subfield><marc:subfield code="a">Ibn Nubātah, Muḥammad ibn Muḥammad,</marc:subfield><marc:subfield code="d">1287-1366.</marc:subfield></marc:datafield><marc:datafield tag="240" ind1="1" ind2="0"><marc:subfield code="6">880-02</marc:subfield><marc:subfield code="a">Sarḥ al-ʻuyūn sharḥ risālat Ibn Zaydūn.</marc:subfield></marc:datafield><marc:datafield tag="245" ind1="1" ind2="0"><marc:subfield code="6">880-03</marc:subfield><marc:subfield code="a">Kitāb Sarḥ al-ʻuyūn sharḥ Risālat Ibn Zaydūn /</marc:subfield><marc:subfield code="c">taʼlīf al-imām al-awḥad Jamāl al-Dīn Muḥammad ibn Muḥammad Ibn Nubātah al-Miṣrī, al-mutawaffá sanat thamān wa-sittīn wa-subʻumāʼih Hijrīyah raḥimahu Allāh taʻālá. wa-yalīh al-Risālah al-madhkūrah maʻa al-Risālah al-Jiddīyah / li-Ibn Zaydūn ayḍan.</marc:subfield></marc:datafield><marc:datafield tag="246" ind1="3" ind2=" "><marc:subfield code="6">880-04</marc:subfield><marc:subfield code="a">Sarḥ al-ʻuyūn sharḥ risālat Ibn Zaydūn.</marc:subfield></marc:datafield><marc:datafield tag="250" ind1=" " ind2=" "><marc:subfield code="6">880-05</marc:subfield><marc:subfield code="a">al-Ṭabʻah al-rābiʻah.</marc:subfield></marc:datafield><marc:datafield tag="264" ind1=" " ind2="1"><marc:subfield code="6">880-06</marc:subfield><marc:subfield code="a">Miṣr :</marc:subfield><marc:subfield code="b">ṭubiʻ bi-Maṭbaʻat al-Mawsūʻāt bi-shāriʻ Bāb al-Khalq bi-Miṣr, li-ṣāḥibihā Ismāʻīl Ḥāfiẓ al-khabīr bi-al-Maḥākim al-Ahlīyah,</marc:subfield><marc:subfield code="c">1321 [1903]</marc:subfield></marc:datafield><marc:datafield tag="300" ind1=" " ind2=" "><marc:subfield code="a">336 pages ;</marc:subfield><marc:subfield code="c">20 cm.</marc:subfield></marc:datafield><marc:datafield tag="336" ind1=" " ind2=" "><marc:subfield code="a">text</marc:subfield><marc:subfield code="b">txt</marc:subfield><marc:subfield code="2">rdacontent.</marc:subfield></marc:datafield><marc:datafield tag="337" ind1=" " ind2=" "><marc:subfield code="a">unmediated</marc:subfield><marc:subfield code="b">n</marc:subfield><marc:subfield code="2">rdamedia.</marc:subfield></marc:datafield><marc:datafield tag="338" ind1=" " ind2=" "><marc:subfield code="a">volume</marc:subfield><marc:subfield code="b">nc</marc:subfield><marc:subfield code="2">rdacarrier.</marc:subfield></marc:datafield><marc:datafield tag="500" ind1=" " ind2=" "><marc:subfield code="6">880-07</marc:subfield><marc:subfield code="a">Mabīʻuh bi-Maktabat multazim ṭabʻihi ḥaḍrat al-shaykh Muḥammad ʻAlī al-Milījī al-Kutubī bi-shāriʻ al-Azhar al-Sharīf bi-Miṣr al-Maḥrūsah.</marc:subfield></marc:datafield><marc:datafield tag="500" ind1=" " ind2=" "><marc:subfield code="6">880-08</marc:subfield><marc:subfield code="a">Ṭubiʻat ʻalá al-nuskhah al-maṭbūʻah bi-al-Maṭbaʻah al-Amīrīyah bi-Būlāq sanat 1278 H al-muṣaḥḥaḥah bi-qalam al-marḥūm al-ʻallāmah al-shaykh Muḥammad Qiṭṭah al-ʻAdawī.</marc:subfield></marc:datafield><marc:datafield tag="500" ind1=" " ind2=" "><marc:subfield code="a">Decorated title page.</marc:subfield></marc:datafield><marc:datafield tag="600" ind1="1" ind2="0"><marc:subfield code="6">880-09</marc:subfield><marc:subfield code="a">Ibn Zaydūn, Aḥmad ibn ʻAbd Allāh,</marc:subfield><marc:subfield code="d">1003 or 1004-1071.</marc:subfield><marc:subfield code="t">Risālah al-hazlīyah.</marc:subfield></marc:datafield><marc:datafield tag="600" ind1="1" ind2="0"><marc:subfield code="6">880-10</marc:subfield><marc:subfield code="a">Ibn Zaydūn, Aḥmad ibn ʻAbd Allāh,</marc:subfield><marc:subfield code="d">1003 or 1004-1071.</marc:subfield><marc:subfield code="t">Risālah al-Jiddīyah.</marc:subfield></marc:datafield><marc:datafield tag="600" ind1="1" ind2="0"><marc:subfield code="a">Ibn Zaydūn, Aḥmad ibn ʻAbd Allāh,</marc:subfield><marc:subfield code="d">1003 or 1004-1071</marc:subfield><marc:subfield code="x">Criticism and interpretation.</marc:subfield></marc:datafield><marc:datafield tag="700" ind1="1" ind2="2"><marc:subfield code="6">880-11</marc:subfield><marc:subfield code="a">Ibn Zaydūn, Aḥmad ibn ʻAbd Allāh,</marc:subfield><marc:subfield code="d">1003 or 1004-1071.</marc:subfield><marc:subfield code="t">Risālah al-jiddīyah.</marc:subfield></marc:datafield><marc:datafield tag="880" ind1="1" ind2="0"><marc:subfield code="6">240-02/(3/r</marc:subfield><marc:subfield code="a">سرح العيون شرح رسالة إبن زيدون.</marc:subfield></marc:datafield><marc:datafield tag="880" ind1="1" ind2=" "><marc:subfield code="6">100-01/(3/r</marc:subfield><marc:subfield code="a">إبن نباته، محمد بن محمد،،‪</marc:subfield><marc:subfield code="d">1366-1287.</marc:subfield></marc:datafield><marc:datafield tag="880" ind1="1" ind2="0"><marc:subfield code="6">245-03/(3/r</marc:subfield><marc:subfield code="a">كتاب سرح العيون شرح رسالة ابن زيدون /‪</marc:subfield><marc:subfield code="c">تأليف الامام الاوحد جمال الدين محمد بن محمد ابن نباتة المصري، المتوفى سنة ثمان وستين وسبعمائه هجرية رحمه الله تعالى. ويليه الرسالة المذكورة مع الرسالة الجدية / لابن زيدون ايضا..</marc:subfield></marc:datafield><marc:datafield tag="880" ind1="3" ind2=" "><marc:subfield code="6">246-04/(3/r</marc:subfield><marc:subfield code="a">سرح العيون شرح رسالة إبن زيدون.</marc:subfield></marc:datafield><marc:datafield tag="880" ind1=" " ind2=" "><marc:subfield code="6">250-05/(3/r</marc:subfield><marc:subfield code="a">الطبعة الرابعة..</marc:subfield></marc:datafield><marc:datafield tag="880" ind1=" " ind2="1"><marc:subfield code="6">264-06/(3/r</marc:subfield><marc:subfield code="a">مصر :‪</marc:subfield><marc:subfield code="b">طبع بمطبعة الموسوعات بشارع باب الخلق بمصر، لصاحبها اسماعيل حافظ الخبير بالمحاكم الاهلية،‪</marc:subfield><marc:subfield code="c">1321 [1903]</marc:subfield></marc:datafield><marc:datafield tag="880" ind1=" " ind2=" "><marc:subfield code="6">500-07/(3/r</marc:subfield><marc:subfield code="a">مبيعة بمكتبة ملتزم طبعه حضرة الشيخ محمد علي المليجي الكتبي بشارع الأزهر الشريف بمصر المحروسة..</marc:subfield></marc:datafield><marc:datafield tag="880" ind1=" " ind2=" "><marc:subfield code="6">500-08/(3/r</marc:subfield><marc:subfield code="a">طبعت على النسخة المطبوعة بالمطبعة الأميرية ببولاق سنة 1278 ه المصححة بقلم المرحوم العلامة الشيخ محمد قطة العدوي..</marc:subfield></marc:datafield><marc:datafield tag="880" ind1="1" ind2="0"><marc:subfield code="6">600-09/(3/r</marc:subfield><marc:subfield code="a">ابن زيدون، أحمد بن عبد الله،‪</marc:subfield><marc:subfield code="d">1003 أو 1004-1071.‪</marc:subfield><marc:subfield code="t">رسالة الهزلية..</marc:subfield></marc:datafield><marc:datafield tag="880" ind1="1" ind2="0"><marc:subfield code="6">600-10/(3/r</marc:subfield><marc:subfield code="a">ابن زيدون، أحمد بن عبد الله،‪</marc:subfield><marc:subfield code="d">1003 أو 1004-1071.‪</marc:subfield><marc:subfield code="t">رسالة الجدية..</marc:subfield></marc:datafield><marc:datafield tag="880" ind1="1" ind2="2"><marc:subfield code="6">700-11/(3/r</marc:subfield><marc:subfield code="a">ابن زيدون، احمد بن عبد الله،‪</marc:subfield><marc:subfield code="d">1003 أو 1004-1071.‪</marc:subfield><marc:subfield code="t">رسالة الجدية..</marc:subfield></marc:datafield><marc:datafield tag="907" ind1=" " ind2=" "><marc:subfield code="a">.b12469221</marc:subfield><marc:subfield code="b">main </marc:subfield></marc:datafield><marc:datafield tag="902" ind1=" " ind2=" "><marc:subfield code="a">191023</marc:subfield></marc:datafield><marc:datafield tag="998" ind1=" " ind2=" "><marc:subfield code="b">1</marc:subfield><marc:subfield code="c">010404</marc:subfield><marc:subfield code="d">m</marc:subfield><marc:subfield code="e">~</marc:subfield><marc:subfield code="f">-</marc:subfield><marc:subfield code="g">0</marc:subfield><marc:subfield code="k">TA</marc:subfield></marc:datafield><marc:datafield tag="945" ind1=" " ind2=" "><marc:subfield code="l">main </marc:subfield></marc:datafield></marc:record>
</marc:collection>
